@book{book:2412101,
   title =     {Цифровая схемотехника и архитектура компьютера},
   author =    {Дэвид М. Харрис, Сара Л. Харрис},
   publisher = {ДМК Пресс},
   isbn =      {978-5-97060-570-7},
   year =      {2018},
   series =    {},
   edition =   {2},
   volume =    {},
   url =       {http://gen.lib.rus.ec/book/index.php?md5=81d217fc2876528a43474d851eb26f18}
}
@book{book:33862,
   title =     {Архитектура компьютера},
   author =    {Эндрю Таненбаум},
   publisher = {Питер},
   isbn =      {5-318-00298-6,978-5-318-00298-4},
   year =      {2004},
   series =    {Классика computer science},
   edition =   {4},
   volume =    {},
   url =       {http://gen.lib.rus.ec/book/index.php?md5=4ce007e291ef45de901c25e88b924d13}
}